@misc{btt:bittorrent,
  author       = {bittorrent}, 
  title        = {btt},
  url          = {https://www.bittorrent.com/btt},
  note         = {https://www.bittorrent.com/btt (2020年1月16日 閲覧)}
}